@techreport{rfc-privacy-ext,
  author = {T. Narten and R.Draves and S. Krishnan},
  title = {Privacy Extensions for Stateless Address Autoconfiguration in IPv6},
  howpublished = {Internet Requests for Comments},
  type = {RFC},
  number = 4941,
  year = {2007},
  month = {09},
  publisher = {RFC Editor},
  institution = {RFC Editor},
  url = {https://www.rfc-editor.org/rfc/rfc4941.txt}
}

@techreport{rfc-ipv6-rec,
  author = {F. Gont and T. Chown},
  title = {Network Reconnaissance in IPv6 Networks},
  howpublished = {Internet Requests for Comments},
  type = {RFC},
  number = 7707,
  year = {2016},
  month = {03},
  publisher = {RFC Editor},
  institution = {RFC Editor},
  url = {https://www.rfc-editor.org/rfc/rfc7707.txt}
}

@article{afianian2017,
  author    = {Amir Afianian and
               Salman Niksefat and
               Babak Sadeghiyan and
               David Baptiste},
  title     = {Malware Dynamic Analysis Evasion Techniques: {A} Survey},
  journal   = {CoRR},
  volume    = {abs/1811.01190},
  year      = {2018},
  url       = {http://arxiv.org/abs/1811.01190},
  archivePrefix = {arXiv},
  eprint    = {1811.01190},
  timestamp = {Thu, 22 Nov 2018 17:58:30 +0100},
  biburl    = {https://dblp.org/rec/journals/corr/abs-1811-01190.bib},
  bibsource = {dblp computer science bibliography, https://dblp.org}
}

@article{bellovin2006,
  title={Worm propagation strategies in an IPv6 Internet},
  author={Bellovin, Steven Michael and Cheswick, Bill and Keromytis, Angelos D},
  year={2006}
}

@article{bhat2019,
  title={A survey on various threats and current state of security in android platform},
  author={Bhat, Parnika and Dutta, Kamlesh},
  journal={ACM Computing Surveys (CSUR)},
  volume={52},
  number={1},
  pages={1--35},
  year={2019},
  publisher={ACM New York, NY, USA}
}

@inproceedings{izumida2010,
  title={A generic binary analysis method for malware},
  author={Izumida, Tomonori and Futatsugi, Kokichi and Mori, Akira},
  booktitle={International Workshop on Security},
  pages={199--216},
  year={2010},
  organization={Springer}
}

@inproceedings{izumida2018,
  title={Context-Sensitive Flow Graph and Projective Single Assignment Form for Resolving Context-Dependency of Binary Code},
  author={Izumida, Tomonori and Mori, Akira and Hashimoto, Masatomo},
  booktitle={Proceedings of the 13th Workshop on Programming Languages and Analysis for Security},
  pages={48--53},
  year={2018}
}

@article{maiorca2019,
  title={Towards adversarial malware detection: Lessons learned from PDF-based attacks},
  author={Maiorca, Davide and Biggio, Battista and Giacinto, Giorgio},
  journal={ACM Computing Surveys (CSUR)},
  volume={52},
  number={4},
  pages={1--36},
  year={2019},
  publisher={ACM New York, NY, USA}
}

@inproceedings{mori2006,
  title={A tool for analyzing and detecting malicious mobile code},
  author={Mori, Akira and Izumida, Tomonori and Sawada, Toshimi and Inoue, Tadashi},
  booktitle={Proceedings of the 28th international conference on Software engineering},
  pages={831--834},
  year={2006}
}

@article{or-meir2019,
  title={Dynamic malware analysis in the modern era—A state of the art survey},
  author={Or-Meir, Ori and Nissim, Nir and Elovici, Yuval and Rokach, Lior},
  journal={ACM Computing Surveys (CSUR)},
  volume={52},
  number={5},
  pages={1--48},
  year={2019},
  publisher={ACM New York, NY, USA}
}

@inproceedings{schuster2015,
  title={Counterfeit object-oriented programming: On the difficulty of preventing code reuse attacks in C++ applications},
  author={Schuster, Felix and Tendyck, Thomas and Liebchen, Christopher and Davi, Lucas and Sadeghi, Ahmad-Reza and Holz, Thorsten},
  booktitle={2015 IEEE Symposium on Security and Privacy},
  pages={745--762},
  year={2015},
  organization={IEEE}
}

@article{tam2017,
  title={The evolution of android malware and android analysis techniques},
  author={Tam, Kimberly and Feizollah, Ali and Anuar, Nor Badrul and Salleh, Rosli and Cavallaro, Lorenzo},
  journal={ACM Computing Surveys (CSUR)},
  volume={49},
  number={4},
  pages={1--41},
  year={2017},
  publisher={ACM New York, NY, USA}
}

@inproceedings{costa2005,
  title={Vigilante: End-to-end containment of internet worms},
  author={Costa, Manuel and Crowcroft, Jon and Castro, Miguel and Rowstron, Antony and Zhou, Lidong and Zhang, Lintao and Barham, Paul},
  booktitle={Proceedings of the twentieth ACM symposium on Operating systems principles},
  pages={133--147},
  year={2005}
}

@inproceedings{levy2017,
  title={The case for writing a kernel in Rust},
  author={Levy, Amit and Campbell, Bradford and Ghena, Branden and Pannuto, Pat and Dutta, Prabal and Levis, Philip},
  booktitle={Proceedings of the 8th Asia-Pacific Workshop on Systems},
  pages={1--7},
  year={2017}
}

@article{gasser2016,
  title={Scanning the IPv6 internet: towards a comprehensive hitlist},
  author={Gasser, Oliver and Scheitle, Quirin and Gebhard, Sebastian and Carle, Georg},
  journal={arXiv preprint arXiv:1607.05179},
  year={2016}
}

@inproceedings{murdock2017,
  title={Target generation for internet-wide IPv6 scanning},
  author={Murdock, Austin and Li, Frank and Bramsen, Paul and Durumeric, Zakir and Paxson, Vern},
  booktitle={Proceedings of the 2017 Internet Measurement Conference},
  pages={242--253},
  year={2017}
}

@inproceedings{tazaki2013,
  title={Direct code execution: Revisiting library os architecture for reproducible network experiments},
  author={Tazaki, Hajime and Uarbani, Fr{\'e}d{\'e}ric and Mancini, Emilio and Lacage, Mathieu and Camara, Daniel and Turletti, Thierry and Dabbous, Walid},
  booktitle={Proceedings of the ninth ACM conference on Emerging networking experiments and technologies},
  pages={217--228},
  year={2013}
}

@article{dainotti2014,
  title={Analysis of a “/0” Stealth Scan from a Botnet},
  author={Dainotti, Alberto and King, Alistair and Claffy, Kimberly and Papale, Ferdinando and Pescap{\'e}, Antonio},
  journal={IEEE/ACM Transactions on Networking},
  volume={23},
  number={2},
  pages={341--354},
  year={2014},
  publisher={IEEE}
}

@misc{malware-unicorn,
  title = {{Workshops},
  howpublished = {\url{https://malwareunicorn.org/#/workshops}},
  note = {Accessed: 2020-06-14}
}

@BOOK{practical-malware-analysis,
  TITLE = {Practical Malware Analysis},
  SUBTITLE = {The Hands-On Guide to Dissecting Malicious Software},
  AUTHOR = {Michael Sikorski and Andrew Honig},
  YEAR = {2012},
  PUBLISHER = {No Starch Press},
}

@BOOK{ida-pro-book,
  TITLE = {IDA Pro Book, 2nd Edition},
  SUBTITLE = {The Unofficial Guide to the World's Most Popular Disassembler},
  AUTHOR = {Chris Eagle},
  YEAR = {2011},
  PUBLISHER = {No Starch Press},
}















